@article{Juve2013,
title = "Characterizing and profiling scientific workflows ",
journal = "Future Generation Computer Systems ",
volume = "29",
number = "3",
pages = "682 - 692",
year = "2013",
issn = "0167-739X",
doi = "http://dx.doi.org/10.1016/j.future.2012.08.015",
author = "Gideon Juve and Ann Chervenak and Ewa Deelman and Shishir Bharathi and Gaurang Mehta and Karan Vahi",

},



@ARTICLE{Yu2005,
author={J. Yu and R. Buyya},
title={A taxonomy of workflow management systems for grid computing},
journal={Journal of Grid Computing},
volume={3}
pages={171-200},
year={2005},
},

@ARTICLE{Ali2004, 
author={Ali, S. and Maciejewski, A.A. and Siegel, H.J. and Jong-Kook Kim}, 
journal={Parallel and Distributed Systems, IEEE Transactions on}, 
title={Measuring the robustness of a resource allocation}, 
year={2004}, 
volume={15}, 
number={7}, 
pages={630-641}, 
doi={10.1109/TPDS.2004.24}, 
ISSN={1045-9219},},

@INPROCEEDINGS{Canon2008,
author={Louis-Claude Canon and Emmanuel Jeannot},
title={Comparative evaluation of the robustness of dag scheduling heuristics},
booktitle={Grid Computing},
publisher={Springer}, 
year={2008},
},

@INPROCEEDINGS{Zhang2009, 
author={Yang Zhang and Koelbel, C. and Cooper, K.}, 
booktitle={Cluster Computing and the Grid, 2009. CCGRID '09. 9th IEEE/ACM International Symposium on}, 
title={Hybrid Re-scheduling Mechanisms for Workflow Applications on Multi-cluster Grid}, 
year={2009}, 
pages={116-123}, 
doi={10.1109/CCGRID.2009.60},},

@article{Sakellariou2004,
 author = {Sakellariou, Rizos and Zhao, Henan},
 title = {A low-cost rescheduling policy for efficient mapping of workflows on grid systems},
 journal = {Sci. Program.},
 issue_date = {December 2004},
 volume = {12},
 number = {4},
 month = dec,
 year = {2004},
 issn = {1058-9244},
 pages = {253--262},
 numpages = {10},
 acmid = {1240165},
 publisher = {IOS Press},
 address = {Amsterdam, The Netherlands, The Netherlands},
} 


@INPROCEEDINGS{Yang03,
    author = {Lingyun Yang and Jennifer M. Schopf and Ian Foster},
    title = {Conservative scheduling: using predicted variance to improve scheduling decisions in dynamic environments},
    booktitle = {},
    year = {2003},
    pages = {1--16}
},
@INPROCEEDINGS{Dong2010, 
author={Fang Dong and Junzhou Luo and Aibo Song and Jiahui Jin}, 
booktitle={High Performance Computing and Communications (HPCC), 2010 12th IEEE International Conference on}, 
title={Resource Load Based Stochastic DAGs Scheduling Mechanism for Grid Environment}, 
year={2010}, 
pages={197-204}, 
doi={10.1109/HPCC.2010.19},
},

@INPROCEEDINGS{Blythe2005,
    author = {Jim Blythe and Sonal Jain and Ewa Deelman and Yolanda Gil and Karan Vahi and et al.},
    title = {Task Scheduling Strategies for Workflow-based Applications in Grids},
    booktitle = {IN CCGRID},
    year = {2005},
    pages = {759--767},
    publisher = {IEEE Press}
}

@article{Chetto1990,
   author={Chetto, Houssine and Maryline Silly and T. Bouchentouf},
   title={Dynamic scheduling of real-time tasks under precedence constraints},
   journal={Real-Time Systems 2.3},
   year={1990}
   page={181-194},
},

@article{Ahmad1998,
    author={Ahmad, I. and M. K. Dhodhi, and R. Ul-Mustafa},
    title={DPS: Dynamic priority scheduling heuristic for heterogeneous computing systems},
    journal={Computers and Digital Techniques, IEE Proceedings-},
    volume={145},
   number={6}
   year={1998},
},

@article{Braun2001,
    author={Tracy D. Braun and
               Howard Jay Siegel and
               Noah Beck and
               Ladislau B{\"o}l{\"o}ni and
               Muthucumaru Maheswaran and
               Albert I. Reuther and
               James P. Robertson and
               Mitchell D. Theys and
               Bin Yao and
               Debra A. Hensgen and
               Richard F. Freund},
    title={A Comparison of Eleven Static Heuristic for Mapping a Class of Independent Tasks onto Heterogeneous Distributed Computing Systems},
    journal={Journal of Parallel and Distributed Computing},
    volume={61},
    number={6},
    year={2001},
    pages={810--837},
},

@article{Zheng,
 author = {Zheng, Gengbin and Bhatel{\'e}, Abhinav and Meneses, Esteban and Kal{\'e}, Laxmikant V.},
 title = {Periodic hierarchical load balancing for large supercomputers},
 journal = {Int. J. High Perform. Comput. Appl.},
 issue_date = {November  2011},
 volume = {25},
 number = {4},
 month = nov,
 year = {2011},
 issn = {1094-3420},
 pages = {371--385},
 numpages = {15},
 url = {http://dx.doi.org/10.1177/1094342010394383},
 doi = {10.1177/1094342010394383},
 acmid = {2076561},
 publisher = {Sage Publications, Inc.},
 address = {Thousand Oaks, CA, USA},
 keywords = {hierarchical algorithms, load balancing, parallel applications, performance study, scalability},
},

@inproceedings{Juve2013, 
  title={Characterizing and Profiling Scientific Workflows},
  author={Gideon Juve and Ann Chervenak and Ewa Deelman and Shishir Bharathi and Gaurang Mehta and Karan Vahi},
  booktitle={Future Generation Computer Systems}, 
  year={2013},
  month=mar, 
  pages={682â€“692},
},

@misc{Epigenome,
    key = {{USC Epigenome Center}},
    title = {{USC Epigenome Center}},
    url = {http://epigenome.usc.edu},
    howpublished = {\url{http://epigenome.usc.edu}}
},

@misc{FutureGrid,
    key = {{FutureGrid}},
    title = {{FutureGrid}},
    url = {http://futuregrid.org/},
    howpublished = {\url{http://futuregrid.org/}}
},

@misc{AmazonAWS,
    author = {{Amazon.com, Inc.}},
    title = {{Amazon Web Services}},
    url = {http://aws.amazon.com},
    howpublished = {\url{http://aws.amazon.com}}
},

@inproceedings{WorkflowSim,
    author={Weiwei Chen and
	     Ewa Deelman},
    title={WorkflowSim: A Toolkit for Simulating Scientific Workflows in Distributed Environments},
    booktitle={The 8th IEEE International Conference on eScience},
    year={2012},
   month=oct,
},
@inproceedings{Muthuvelu:2005:DJG:1082290.1082297,
 	author = {Muthuvelu, Nithiapidary and Liu, Junyang and Soe, Nay Lin and Venugopal, Srikumar and Sulistio, Anthony and Buyya, Rajkumar},
 	title = {A dynamic job grouping-based scheduling for deploying applications with fine-grained tasks on global grids},
 	booktitle = {Proceedings of the 2005 Australasian workshop on Grid computing and e-research - Volume 44},
 	series = {ACSW Frontiers '05},
	 year = {2005},
 	isbn = {1-920-68226-0},
	location = {Newcastle, New South Wales, Australia},
	pages = {41--48},
	numpages = {8},
	acmid = {1082297},
	publisher = {Australian Computer Society, Inc.},
} 

@INPROCEEDINGS{4493929,
	author={Muthuvelu, N. and Chai, I. and Eswaran, C.},
	booktitle={Advanced Communication Technology, 2008. ICACT 2008. 10th International Conference on}, 
	title={An Adaptive And Parameterized Job Grouping Algorithm For Scheduling Grid Jobs},
	year={2008},
	volume={2},
	pages={975 -980},
	ISSN={1738-9445}
}

@incollection{Muthuvelu2010,
	year={2010},
	isbn={978-3-642-13118-9},
	booktitle={Algorithms and Architectures for Parallel Processing},
	volume={6081},
	series={Lecture Notes in Computer Science},
	editor={Hsu, Ching-Hsien and Yang, LaurenceT. and Park, JongHyuk and Yeo, Sang-Soo},
	doi={10.1007/978-3-642-13119-6_24},
	title={On-Line Task Granularity Adaptation for Dynamic Grid Applications},
	publisher={Springer Berlin Heidelberg},
	author={Muthuvelu, Nithiapidary and Chai, Ian and Chikkannan, Eswaran and Buyya, Rajkumar},
	pages={266-277}
}

@article{Muthuvelu2013170,
	title = "Task granularity policies for deploying bag-of-task applications on global grids",
	journal = "FGCS",
	volume = "29",
	number = "1",
	pages = "170 - 181",
	year = "2012",
	issn = "0167-739X",
	doi = "10.1016/j.future.2012.03.022",
	author = {Muthuvelu, Nithiapidary  and Christian Vecchiolab and Ian Chaia and Eswaran Chikkannana and Rajkumar Buyyab}
}

@article{keat-2006,
	author = {Wai Keat Ng and Tan Fong Ang and Teck Chaw Ling and Chee Sun Liew},
	title = {Scheduling Framework for Bandwidth-Aware Job Grouping-Based Scheduling in Grid Computing},
	journal = {Malaysian Journal of Computer Science},
	volume = {19},
	year = {2006},
	issue = {2}
}

@article{ang-2009,
	author = {T.F. Ang and W.K. Ng and T.C. Ling and L.Y. Por and C.S. Lieu},
	title = {A Bandwidth-Aware Job Grouping-Based Scheduling on Grid Environment},
	journal = {Information Technology Journal},
	volume = {8},
	year = {2009},
	pages = {372-377}
}

@INPROCEEDINGS{4958835,
	author={Quan Liu and Yeqing Liao},
	booktitle={ETCS '09}, 
	title={Grouping-Based Fine-Grained Job Scheduling in Grid Computing},
	year={2009},
	volume={1},
	pages={556 -559},
}

@article{europar-granularity,
	author = {Ferreira da Silva, R and Tristan Glatard and Frederic Desprez},
	title = {On-line, non-clairvoyant optimisation of task granularity in distributed workflows},
	journal ={Euro-Par 2013, to appear},
	year = {2013},
	pages = {},
}

@inproceedings{Singh:2008:WTC:1341811.1341822,
	author = {Singh, Gurmeet and Su, Mei-Hui and Vahi, Karan and Deelman, Ewa and Berriman, Bruce and Good, John and Katz, Daniel S. and Mehta, Gaurang},
	title = {Workflow task clustering for best effort systems with Pegasus},
	booktitle = {Mardi Gras'08},
	year = {2008},
	isbn = {978-1-59593-835-0},
	location = {Baton Rouge, Louisiana},
	pages = {9:1--9:8},
	articleno = {9},
	numpages = {8},
	acmid = {1341822},
	publisher = {ACM},
	address = {New York, NY, USA},
	keywords = {best effort systems, queue wait time, task clustering, workflow clustering},
}

% LIGO	
@article{LIGO,
 	author={Abbott et al., B. P.},
	title={LIGO: the Laser Interferometer Gravitational-Wave Observatory},
	journal={Reports on Progress in Physics},
	volume={72},
	number={7},
	pages={076901},
	year={2009},
}

% Chen Works'11
@inproceedings{Chen,
	author = {Chen, Weiwei and Deelman, Ewa},
	title = {Workflow overhead analysis and optimizations},
	booktitle = {Proceedings of the 6th workshop on Workflows in support of large-scale science},
	series = {WORKS '11},
	year = {2011},
	isbn = {978-1-4503-1100-7},
	location = {Seattle, Washington, USA},
	pages = {11--20},
	numpages = {10},
	acmid = {2110500},
	publisher = {ACM},
	address = {New York, NY, USA},
	keywords = {scientific workflows, workflow optimization, workflow overhead},
} 

% Overdecomposition
@inproceedings{Lifflander,
	author = {Lifflander, Jonathan and Krishnamoorthy, Sriram and Kale, Laxmikant V.},
	title = {Work stealing and persistence-based load balancers for iterative overdecomposed applications},
	booktitle = {Proceedings of the 21st international symposium on High-Performance Parallel and Distributed Computing},
	series = {HPDC '12},
	year = {2012},
	isbn = {978-1-4503-0805-2},
	location = {Delft, The Netherlands},
	pages = {137--148},
	numpages = {12},
	acmid = {2287103},
	publisher = {ACM},
	address = {New York, NY, USA},
	keywords = {dynamic load balancing, hierarchical load balancer, iterative applications, persistence, task scheduling, work stealing},
}

% Chen - CCGrid
@INPROCEEDINGS{6217508,
	author={Weiwei Chen and Deelman, E.},
	booktitle={Cluster, Cloud and Grid Computing (CCGrid), 2012 12th IEEE/ACM International Symposium on},
	title={Integration of Workflow Partitioning and Resource Provisioning},
	year={2012},
	pages={764-768},
	keywords={resource allocation;scientific information systems;workflow management software;distributed resources;large-scale scientific workflow partitioning;large-scale workflow scheduling;resource cost;resource provisioning;scientific collaborations;workflow makespan;workflow management systems;Biological cells;Distributed computing;Dynamic scheduling;Heuristic algorithms;Partitioning algorithms;Processor scheduling;resource provisioning;scientific workflows;workflow partitioning},
}

%Pegasus
@article{Deelman2005,
	author = {Deelman, Ewa and Singh, Gurmeet and Su, Mei-Hui and Blythe, James and Gil, Yolanda and Kesselman, Carl and Mehta, Gaurang and Vahi, Karan and Berriman, G. Bruce and Good, John and Laity, Anastasia and Jacob, Joseph C. and Katz, Daniel S.},
	title = {Pegasus: A framework for mapping complex scientific workflows onto distributed systems},
	journal = {Sci. Program.},
	issue_date = {July 2005},
	volume = {13},
	number = {3},
	month = jul,
	year = {2005},
	issn = {1058-9244},
	pages = {219--237},
	numpages = {19},
	acmid = {1239653},
 	publisher = {IOS Press},
	address = {Amsterdam, The Netherlands, The Netherlands},
} 

%Askalon
@article{Fahringer:2005:ATS:1064323.1064331,
	author = {Fahringer, Thomas and Jugravu, Alexandru and Pllana, Sabri and Prodan, Radu and Seragiotto,Jr., Clovis and Truong, Hong-Linh},
	title = {ASKALON: a tool set for cluster and Grid computing: Research Articles},
	journal = {Concurr. Comput. : Pract. Exper.},
	issue_date = {February 2005},
	volume = {17},
	number = {2-4},
	month = feb,
	year = {2005},
	issn = {1532-0626},
	pages = {143--169},
	numpages = {27},
	acmid = {1064331},
	publisher = {John Wiley and Sons Ltd.},
	address = {Chichester, UK},
	keywords = {Grid computing, bottleneck detection, cluster computing, experiment management, measurement and analysis, parallel and distributed applications, performance prediction},
} 

%Taverna
@article{Oinn:2006:TLC:1148437.1148448,
	author = {Oinn, Tom and Greenwood, Mark and Addis, Matthew and Alpdemir, M. Nedim and Ferris, Justin and Glover, Kevin and Goble, Carole and Goderis, Antoon and Hull, Duncan and Marvin, Darren and Li, Peter and Lord, Phillip and Pocock, Matthew R. and Senger, Martin and Stevens, Robert and Wipat, Anil and Wroe, Chris},
	title = {Taverna: lessons in creating a workflow environment for the life sciences: Research Articles},
	journal = {Concurr. Comput. : Pract. Exper.},
	issue_date = {August 2006},
	volume = {18},
	number = {10},
	month = aug,
	year = {2006},
	issn = {1532-0626},
	pages = {1067--1100},
	numpages = {34},
	acmid = {1148448},
	publisher = {John Wiley and Sons Ltd.},
	address = {Chichester, UK},
	keywords = {Semantic Grid environment, Web services, life sciences, scientific workflow},
} 
